<record><leader>00000cas a22000007a 4500</leader><controlfield tag="001">70906702</controlfield><controlfield tag="007">hd afb---baca</controlfield><controlfield tag="007">hd afb---baaa</controlfield><controlfield tag="007">hd afb---baba</controlfield><controlfield tag="008">060815u19uuuuuucaucr n a     0    0tha  </controlfield><datafield ind1=" " ind2=" " tag="010"><subfield code="a">  2006343825</subfield></datafield><datafield ind1=" " ind2=" " tag="040"><subfield code="a">DLC</subfield><subfield code="b">eng</subfield><subfield code="c">DLC</subfield><subfield code="d">DLC</subfield><subfield code="d">OCLCQ</subfield></datafield><datafield ind1=" " ind2=" " tag="042"><subfield code="a">msc</subfield></datafield><datafield ind1=" " ind2=" " tag="043"><subfield code="a">n-us-ca</subfield></datafield><datafield ind1="0" ind2="0" tag="245"><subfield code="a">Se&#772;ri&#772;chon =</subfield><subfield code="b">Sereechon.</subfield></datafield><datafield ind1="3" ind2="1" tag="246"><subfield code="a">Sereechon</subfield></datafield><datafield ind1=" " ind2=" " tag="260"><subfield code="a">Los Angeles, Calif. :</subfield><subfield code="b">Sereechon</subfield></datafield><datafield ind1=" " ind2=" " tag="300"><subfield code="a">volumes :</subfield><subfield code="b">illustrations ;</subfield><subfield code="c">58 cm</subfield></datafield><datafield ind1=" " ind2=" " tag="310"><subfield code="a">Semiweekly,</subfield><subfield code="b">&lt;Dec. 1984-Oct. 1985&gt;</subfield></datafield><datafield ind1=" " ind2=" " tag="321"><subfield code="a">Weekly,</subfield><subfield code="b">&lt;Feb. 1982&gt;-</subfield></datafield><datafield ind1=" " ind2=" " tag="336"><subfield code="a">text</subfield><subfield code="b">txt</subfield><subfield code="2">rdacontent</subfield></datafield><datafield ind1=" " ind2=" " tag="337"><subfield code="a">microform</subfield><subfield code="b">h</subfield><subfield code="2">rdamedia</subfield></datafield><datafield ind1=" " ind2=" " tag="338"><subfield code="a">microfilm reel</subfield><subfield code="b">hd</subfield><subfield code="2">rdacarrier</subfield></datafield><datafield ind1=" " ind2=" " tag="588"><subfield code="a">Description based on: Pi&#772; thi&#772; 7, chabap thi&#772; 256 (18/24 Kumpha&#772;phan 2525 [18/24 Kumpha&#772;phan 1982]); title from caption.</subfield></datafield><datafield ind1=" " ind2=" " tag="588"><subfield code="a">Latest issue consulted: Pi&#772; thi&#772; 10, chabap thi&#772; 526 (Tula&#772;khom 2528 [Tula&#772;khom 1985]).</subfield></datafield><datafield ind1=" " ind2=" " tag="533"><subfield code="a">Microfilm.</subfield><subfield code="m">Pi&#772; thi&#772; 7, chabap thi&#772; 256 (18-24 Kumpha&#772;phan 2525 [18-24 Feb. 1982])-</subfield><subfield code="b">New Delhi:</subfield><subfield code="c">Library of Congress Office ;</subfield><subfield code="b">Washington, D.C.:</subfield><subfield code="c">Library of Congress Photoduplication Service,</subfield><subfield code="d">2006-</subfield><subfield code="e">microfilm reels ; 35 mm.</subfield></datafield><datafield ind1=" " ind2=" " tag="752"><subfield code="a">United States</subfield><subfield code="b">California</subfield><subfield code="d">Los Angeles.</subfield></datafield><datafield ind1=" " ind2=" " tag="850"><subfield code="a">DLC</subfield><subfield code="a">DLC (master)</subfield></datafield><datafield ind1="1" ind2=" " tag="029"><subfield code="a">AU@</subfield><subfield code="b">000040664394</subfield></datafield></record>